@misc{uniqueness2025,
  author = {Tiruvaipati, Sushanth},
  title = {Enhancing Output Uniqueness in Large Language Models via Model Rotation, Temperature Tuning, and Embedding-Based Validation},
  year = {2025},
  howpublished = {\url{https://www.researchgate.net/publication/393715387_Enhancing_Output_Uniqueness_in_Large_Language_Models_via_Model_Rotation_Temperature_Tuning_and_Embedding-Based_Validation}}
}
